\emergencystretch=1em

@misc{(Ronald Van Loon, 2020),
  author = {Ronald Van Loon},
  month = {09},
  title = {Math and Data Science: What Do You Need to Know?},
  url = {https://www.simplilearn.com/math-and-data-science-article},
  urldate = {2022-03-08},
  year = {2020},
  organization = {Simplilearn.com}
}

@misc{(Benjamin Obi Tayo, Ph.D., 2021),
  author = {Benjamin Obi Tayo, Ph.D.},
  month = {05},
  title = {Essential Linear Algebra for Data Science and Machine Learning},
  url = {https://www.kdnuggets.com/2021/05/essential-linear-algebra-data-science-machine-learning.html},
  year = {2021},
  organization = {KDnuggets}
}

@misc{(Zhang, 2020),
  author = {Zhang, Yumeng},
  month = {02},
  title = {What roles do calculus, probability, and linear algebra play in machine learning? - Cloud + Community - Tencent Cloud},
  url = {https://cloud.tencent.com/developer/article/1590800},
  year = {2020},
  organization = {cloud.tencent.com}
}

@misc{(How Much Do Data Scientists Need to Know about Statistics?, 2021),
  month = {09},
  publisher = {THE UNIVERSITY OF VIRGINIA},
  title = {How Much Do Data Scientists Need to Know about Statistics?},
  url = {https://datascience.virginia.edu/news/how-much-do-data-scientists-need-know-about-statistics},
  year = {2021},
  organization = {School of Data Science}
}

@misc{(Conway, 2010),
  author = {Conway, Drew},
  month = {09},
  title = {Drew Conway},
  url = {http://drewconway.com/zia/2013/3/26/the-data-science-venn-diagram},
  year = {2010},
  organization = {Drew Conway}
}

@book{(Vanderplas, 2017),
  author = {Vanderplas, Jacob T},
  publisher = {O'reilly, Cop},
  title = {Python data science handbook : essential tools for working with data},
  year = {2017}
}

@article{(Yee, 2017),
  author = {Yee, Sara J. Weston and Debbie},
  month = {02},
  title = {Why You Should Become a UseR: A Brief Introduction to R},
  url = {https://www.psychologicalscience.org/observer/why-you-should-become-a-user-a-brief-introduction-to-r},
  volume = {30},
  year = {2017},
  journal = {APS Observer}
}

@book{(Rogel-Salazar, 2020),
  author = {Rogel-Salazar, Jesus},
  publisher = {Crc Press},
  title = {Advanced data science and analytics with Python},
  year = {2020}
}

@article{(Pittard & Li, 2020),
  author = {Pittard, W. Stephen and Li, Shuzhao},
  pages = {265-311},
  title = {The Essential Toolbox of Data Science: Python, R, Git, and Docker},
  doi = {10.1007/978-1-0716-0239-3\_15},
  urldate = {2022-03-14},
  year = {2020},
  journal = {Computational Methods and Data Analysis for Metabolomics}
}

@article{(MacGillivray, 2019),
  author = {MacGillivray, Helen},
  month = {01},
  pages = {1-2},
  title = {Data science, statistical investigations, team sport, and assessment},
  doi = {10.1111/test.12189},
  volume = {41},
  year = {2019},
  journal = {Teaching Statistics}
}

@book{(Blaise Cronin, American Society For Information Science And Technology, and Information Today, Inc, 2007),
  author = {Blaise Cronin and American Society For Information Science And Technology and Information Today, Inc},
  publisher = {Information Today, Inc},
  title = {Annual review of information science and technology. Volume 41, 2007},
  year = {2007}
}

@article{(Perron, Victor, Hiltz, & Ryan, 2020),
  author = {Perron, Brian E. and Victor, Bryan G. and Hiltz, Barbara S. and Ryan, Joseph},
  month = {07},
  pages = {1-6},
  title = {Teaching Noteâ€”Data Science in the MSW Curriculum: Innovating Training in Statistics and Research Methods},
  doi = {10.1080/10437797.2020.1764891},
  urldate = {2021-10-18},
  year = {2020},
  journal = {Journal of Social Work Education}
}

@book{(Stephens & Plew, 2003),
  author = {Stephens, Ryan K and Plew, Ronald R},
  publisher = {Sams},
  title = {SAMS teach yourself SQL in 21 days},
  year = {2003}
}

@misc{(MongoDB, n.d.),
  author = {MongoDB},
  title = {What is the MERN Stack? Introduction & Examples},
  url = {https://www.mongodb.com/mern-stack},
  organization = {MongoDB}
}

@book{(Bradshaw, Chodorow, & Eoin Brazil, 2019),
  author = {Bradshaw, Shannon and Chodorow, Kristina and Eoin Brazil},
  publisher = {O'reilly},
  title = {MongoDB : the definitive guide : powerful and scalable data storage},
  year = {2019}
}

@book{(Zeigermann & Hartmann, 2016),
  author = {Zeigermann, Oliver and Hartmann, Nils},
  edition = {1st edition},
  publisher = {dpunkt},
  title = {React},
  year = {2016}
}

@book{(Vasan Subramanian, 2019),
  author = {Vasan Subramanian},
  publisher = {Apress, New York, Ny},
  title = {Pro MERN stack : full stack web app development with Mongo, Express, React, and Node},
  year = {2019}
}

@misc{(Mathur, 2020),
  author = {Mathur, Rahul},
  month = {08},
  title = {MEAN vs MERN vs MEVN vs LAMP Stack for Development},
  url = {https://www.arkasoftwares.com/blog/mean-vs-mern-vs-mevn-vs-lamp-stack-for-development/},
  urldate = {2022-03-27},
  year = {2020},
  organization = {ARKA softwares}
}

@misc{(Kapoor, 2021),
  author = {Kapoor, Ajay},
  month = {12},
  title = {MERN vs LAMP},
  url = {https://enlear.academy/mern-vs-lamp-f0653b0dc96a},
  urldate = {2022-03-27},
  year = {2021},
  organization = {Medium}
}

@article{(Xing et al., 2019),
  author = {Xing, Guoliang and Gao, Hao and Cao, Qi and Yue, Xinyu and Xu, Bingbing and Cen, Keting and Shen, Huawei},
  month = {05},
  pages = {137-159},
  title = {User Profiling for CSDN: Keyphrase Extraction, User Tagging and User Growth Value Prediction: First-place Entry for User Profiling Technology Evaluation Campaign in SMP Cup 2017},
  doi = {10.1162/dint_a_00015},
  urldate = {2021-06-10},
  volume = {1},
  year = {2019},
  journal = {Data Intelligence}
}

@article{(Dargahi Nobari et al., 2020),
  author = {Dargahi Nobari, Arash and Neshati, Mahmood and Sotudeh Gharebagh, Sajad},
  month = {01},
  pages = {101413},
  title = {Quality-aware skill translation models for expert finding on StackOverflow},
  doi = {10.1016/j.is.2019.07.003},
  urldate = {2021-10-26},
  volume = {87},
  year = {2020},
  journal = {Information Systems}
}